@book{bib:Munkres,
    title     = {Analysis on Manifolds},
    author    = {James Raymond Munkres},
    year      = {1991},
    publisher = {Addison-Wesley},
    location  = {350 Bridge Parkway, Suite 209, Redwood City, CA 94065}
}